@article{coskun2013survey,
  author    = {Coskun, Vedat and Ozdenizci, Busra and Ok, Kerem},
  journal   = {Wireless personal communications},
  number    = {3},
  pages     = {2259--2294},
  publisher = {Springer},
  title     = {A survey on near field communication (NFC) technology},
  volume    = {71},
  year      = {2013}
}